<?xml version="1.0" encoding="UTF-8" ?><marc:collection xmlns:marc="http://www.loc.gov/MARC21/slim" xmlns:xsi="http://www.w3.org/2001/XMLSchema-instance" xsi:schemaLocation="http://www.loc.gov/MARC21/slim http://www.loc.gov/standards/marcxml/schema/MARC21slim.xsd">
<marc:record><marc:leader>04678nam a2200397 a 4500</marc:leader>
<marc:controlfield tag="001">a21463</marc:controlfield>
<marc:controlfield tag="003">aeadna</marc:controlfield>
<marc:controlfield tag="005">20100906102200.0</marc:controlfield><marc:controlfield tag="006">a      000 0      </marc:controlfield><marc:controlfield tag="008">110818q1935||||jo    of     a001 0|ara|d</marc:controlfield><marc:datafield tag="035" ind1=" " ind2=" "><marc:subfield code="a">(Sirsi) a21463</marc:subfield></marc:datafield><marc:datafield tag="040" ind1=" " ind2=" "><marc:subfield code="a">nal</marc:subfield><marc:subfield code="b">ara</marc:subfield><marc:subfield code="e">AACR2</marc:subfield></marc:datafield><marc:datafield tag="041" ind1="1" ind2=" "><marc:subfield code="a">ara</marc:subfield><marc:subfield code="h">eng</marc:subfield></marc:datafield><marc:datafield tag="043" ind1=" " ind2=" "><marc:subfield code="a">a-jo---</marc:subfield></marc:datafield><marc:datafield tag="050" ind1=" " ind2="4"><marc:subfield code="a">DS153</marc:subfield><marc:subfield code="b">.P412 1935z</marc:subfield></marc:datafield><marc:datafield tag="090" ind1=" " ind2=" "><marc:subfield code="a"></marc:subfield></marc:datafield><marc:datafield tag="100" ind1="1" ind2=" "><marc:subfield code="6">880-01</marc:subfield><marc:subfield code="a"></marc:subfield><marc:subfield code="a">بيك، فردريك ج.،</marc:subfield><marc:subfield code="d">1886-1970</marc:subfield></marc:datafield><marc:datafield tag="240" ind1="1" ind2="2"><marc:subfield code="a">A history of Jordan and its tribes.</marc:subfield><marc:subfield code="l">Arabic</marc:subfield></marc:datafield><marc:datafield tag="245" ind1="1" ind2="0"><marc:subfield code="a">تاريخ شرقي الأردن وقبائلها/</marc:subfield><marc:subfield code="c">تأليف فردريك ج. بيك؛ تعريب بهاء الدين طوقان</marc:subfield></marc:datafield><marc:datafield tag="260" ind1=" " ind2=" "><marc:subfield code="a">عماّن:</marc:subfield><marc:subfield code="b">الدار العربية للتوزيع والنشر،[مقدمة المترجم، [1935zم]] </marc:subfield><marc:subfield code="c"></marc:subfield></marc:datafield><marc:datafield tag="300" ind1=" " ind2=" "><marc:subfield code="a">ن، 462ص.:</marc:subfield><marc:subfield code="b">صور؛</marc:subfield><marc:subfield code="c">25 سم.</marc:subfield></marc:datafield><marc:datafield tag="500" ind1=" " ind2=" "><marc:subfield code="a"> هذه النسخة تصوير فوتوستاتي .</marc:subfield></marc:datafield><marc:datafield tag="500" ind1=" " ind2=" "><marc:subfield code="a">اللفتانت كولونيل (الفريق) فريدريك بيك باشا  كان قائدا إنجليزيا للجيش الأردني وقائدا للشرطة وكانت تعرف وقتها بالدرك  ،  ألف كتابه الذي بين أيدينا تاريخ شرق الأردن في عام ١٩٣٤ وأهداه إلى الأمير عبد الله بن طلال أمير شرقي الأردن وقتها. ويقع الكتاب في جزئين الأول متعلق بتاريخ شرق الأردن. والثاني متعلق بقبائل شرق الأردن .</marc:subfield></marc:datafield><marc:datafield tag="500" ind1=" " ind2=" "><marc:subfield code="a">سنة النشر مأخوذة من كلمة المعرب بهاء الدين طوقان صفحة (ط) غرة ذي الحجة عام 1353هـ الموافق لشهر آذار عام 1935.</marc:subfield></marc:datafield><marc:datafield tag="504" ind1=" " ind2=" "><marc:subfield code="a">ببليوجرافيا: ص (ك-ل)</marc:subfield></marc:datafield><marc:datafield tag="520" ind1=" " ind2=" "><marc:subfield code="a">يسرد الكتاب أول تاريخ شامل عن منطقة شرقي الأردن وقبائلها، ويقول: &quot; ليس معروفاً يقيناً من هم سكان شرقي الأردن في عصور ما قبل التاريخ، ولكن ما لا جدال فيه أن الساميين قد غزوا هذه البلاد واستوطنوها منذ عصور قديمة جداً، ومن المسلم به أيضاً أن جزيرة العرب كانت وطن الأمم السامية القديمة ومنها هاجروا لضيق الأرض بهم، أو حباً بالفتوح والتوسع إلى العراق وسوريا وشرقي الأردن وفلسطين، بل قد يكون إلى مصر أيضاً. تقول الأساطير أن بعض أماكن من بلاد شرقي الأردن كان يسكنها العمالقة (الرفائيون)، ويقال أن (عوج ملك شان) كان من بقايا هؤلاء العمالقة، وأن سريره الحديد في (ربة عمون) كان طوله أربعة عشر قدماً وعرضه ستة أقدام. وكان يقطنها أيضاً أقوام يدعون بالآميين والعناقيين والزمزيين، هم أيضاً فيما من العمالقة. لا تشير المراجع العربية إلى هؤلاء العمالقة ولكن ورد فيها أن سكان شرقي الأردن عرب منذ القديم. ومهما يكن من قول، فإن ما يذكر وما يقال هو إنما خبط عشواء في ضبط تاريخ شرقي الأردن قبل عام 1200 ق.م. لكن الوثائق والمعالم التاريخية، الموجودة في باطن الأرض وتحت الأنقاض وفي الخرائب التي تغطي سطح هذه البلاد تقريباً بإمكانها التعريف بتاريخ تلك المنطقة، وبهوية الذين أقاموا عليها في فترات متفرقة. &quot; جهد المؤلف أن يجمع بين طياته كل ما وقع بين يديه من مصادر ومراجع وروايات شفهية ليكوّن مادته التاريخية الموثقة في هذا الكتاب.</marc:subfield></marc:datafield><marc:datafield tag="650" ind1=" " ind2="4"><marc:subfield code="a">القبائل</marc:subfield><marc:subfield code="z">الأردن</marc:subfield></marc:datafield><marc:datafield tag="650" ind1=" " ind2="4"><marc:subfield code="a">المجتمعات القبلية</marc:subfield><marc:subfield code="z">الأردن</marc:subfield></marc:datafield><marc:datafield tag="650" ind1=" " ind2="4"><marc:subfield code="a">المجتمعات البدائية</marc:subfield><marc:subfield code="z">الأردن</marc:subfield></marc:datafield><marc:datafield tag="650" ind1=" " ind2="4"><marc:subfield code="a">الأجناس، علم</marc:subfield><marc:subfield code="z">الأردن</marc:subfield></marc:datafield><marc:datafield tag="650" ind1=" " ind2="4"><marc:subfield code="a">الأنثروبولوجيا</marc:subfield><marc:subfield code="z">الأردن</marc:subfield></marc:datafield><marc:datafield tag="651" ind1=" " ind2="4"><marc:subfield code="a">الأردن</marc:subfield><marc:subfield code="x">الأنساب</marc:subfield></marc:datafield><marc:datafield tag="651" ind1=" " ind2="4"><marc:subfield code="a">الأردن</marc:subfield><marc:subfield code="x">تاريخ</marc:subfield></marc:datafield><marc:datafield tag="700" ind1="1" ind2=" "><marc:subfield code="a">طوقان، بهاء الدين،</marc:subfield><marc:subfield code="e">مترجم</marc:subfield></marc:datafield><marc:datafield tag="700" ind1="1" ind2=" "><marc:subfield code="a">Peake, Frederick Gerard,</marc:subfield><marc:subfield code="d">1886-1970</marc:subfield></marc:datafield><marc:datafield tag="880" ind1="1" ind2=" "><marc:subfield code="6">100-01/3(r</marc:subfield><marc:subfield code="a">Peake, Frederick Gerard, </marc:subfield><marc:subfield code="d">1886-</marc:subfield></marc:datafield><marc:datafield tag="949" ind1=" " ind2=" "><marc:subfield code="a">DS153 .P4 1935</marc:subfield><marc:subfield code="w">DDC</marc:subfield><marc:subfield code="i">30018000036413</marc:subfield><marc:subfield code="u">10/25/2009</marc:subfield><marc:subfield code="d">09/06/2010</marc:subfield><marc:subfield code="n">0</marc:subfield><marc:subfield code="t">RAR</marc:subfield><marc:subfield code="l">av</marc:subfield><marc:subfield code="m">MAIN</marc:subfield><marc:subfield code="x">RAR</marc:subfield></marc:datafield></marc:record>
</marc:collection>
